@article{Michoski2016658,
title = "Foundations of the blended isogeometric discontinuous Galerkin (BIDG) method ",
journal = "Computer Methods in Applied Mechanics and Engineering ",
volume = "305",
number = "",
pages = "658 - 681",
year = "2016",
note = "",
issn = "0045-7825",
doi = "http://dx.doi.org/10.1016/j.cma.2016.02.015",
url = "http://www.sciencedirect.com/science/article/pii/S0045782516300457",
author = "C. Michoski and J. Chan and L. Engvall and J.A. Evans",
keywords = "Discontinuous Galerkin",
keywords = "Isogeometric",
keywords = "Blended methods "
}

@article{Riesenfeld20151054,
title = "Initiating a {CAD} renaissance: Multidisciplinary analysis driven design: Framework for a new generation of advanced computational design, engineering and manufacturing environments ",
journal = "Computer Methods in Applied Mechanics and Engineering ",
volume = "284",
number = "0",
pages = "1054-1072",
year = "2015",
note = "Isogeometric Analysis Special Issue ",
issn = "0045-7825",
doi = "http://dx.doi.org/10.1016/j.cma.2014.11.024",
url = "http://www.sciencedirect.com/science/article/pii/S0045782514004502",
author = "Richard F. Riesenfeld and Robert Haimes and Elaine Cohen",
keywords = "Multidisciplinary analysis driven design",
keywords = "Integrated computational engineering",
keywords = "CAD/CAE/CAM/IGA "
}

@article{Engvall2016378,
title = "Isogeometric triangular Bernstein-B\'{e}zier discretizations: Automatic mesh generation and geometrically exact finite element analysis ",
journal = "Computer Methods in Applied Mechanics and Engineering ",
volume = "304",
number = "",
pages = "378 - 407",
year = "2016",
note = "",
issn = "0045-7825",
doi = "http://dx.doi.org/10.1016/j.cma.2016.02.012",
url = "http://www.sciencedirect.com/science/article/pii/S0045782516300342",
author = "Luke Engvall and John A. Evans",
keywords = "Isogeometric analysis",
keywords = "Mesh generation",
keywords = "Volume parameterization "
}


@article{EngvallPress,
title = "Isogeometric unstructed tetrahedral and mixed-element  Bernstein-B\'{e}zier discretizations.",
journal = "In Review",
year = "2017",
author = "Luke Engvall and John A. Evans",
keywords = "Isogeometric analysis",
keywords = "Mesh generation",
keywords = "Volume parameterization "
}

@article{Klockner20097863,
title = "Nodal discontinuous Galerkin methods on graphics processors ",
journal = "Journal of Computational Physics ",
volume = "228",
number = "21",
pages = "7863 - 7882",
year = "2009",
note = "",
issn = "0021-9991",
doi = "http://dx.doi.org/10.1016/j.jcp.2009.06.041",
url = "http://www.sciencedirect.com/science/article/pii/S0021999109003647",
author = "A. Klöckner and T. Warburton and J. Bridge and J.S. Hesthaven",
keywords = "Discontinuous Galerkin",
keywords = "High order",
keywords = "GPU",
keywords = "Parallel computation",
keywords = "Many-core",
keywords = "Maxwell’s equations "
}

@article{Michoski2014898,
title = "Discontinuous {G}alerkin methods for plasma physics in the scrape-off layer of tokamaks ",
journal = "Journal of Computational Physics ",
volume = "274",
number = "0",
pages = "898-919",
year = "2014",
note = "",
issn = "0021-9991",
doi = "http://dx.doi.org/10.1016/j.jcp.2014.06.058",
url = "http://www.sciencedirect.com/science/article/pii/S0021999114004768",
author = "C. Michoski and D. Meyerson and T. Isaac and F. Waelbroeck",
keywords = "Nodal/modal",
keywords = "Discontinuous Galerkin",
keywords = "Unified",
keywords = "Elliptic",
keywords = "Hyperbolic",
keywords = "Parabolic",
keywords = "Plasma physics",
keywords = "Fusion",
keywords = "Tokamaks",
keywords = "Verification",
keywords = "Blobs",
keywords = "Modons",
keywords = "Scrape-off layer",
keywords = "Interior penalty",
keywords = "Turbulent saturation",
keywords = "Upwinding",
keywords = "Artificial diffusion",
keywords = "Massively parallel "
}

@article{MedinaPress,
title = "{OCCA: A unified approach to multi-threading languages}.",
journal = "In Review",
year = "2017",
author = "David Medina and Amik St-Cyr and Tim Warburton",
url = "https://arxiv.org/pdf/1403.0968.pdf",
}

@article{Williams:2009:RIV:1498765.1498785,
 author = {Williams, Samuel and Waterman, Andrew and Patterson, David},
 title = {Roofline: An Insightful Visual Performance Model for Multicore Architectures},
 journal = {Commun. ACM},
 issue_date = {April 2009},
 volume = {52},
 number = {4},
 month = apr,
 year = {2009},
 issn = {0001-0782},
 pages = {65--76},
 numpages = {12},
 url = {http://doi.acm.org/10.1145/1498765.1498785},
 doi = {10.1145/1498765.1498785},
 acmid = {1498785},
 publisher = {ACM},
 address = {New York, NY, USA},
} 

@ARTICLE{McCalpin1995,
  author = {John D. McCalpin},
  title = {Memory Bandwidth and Machine Balance in Current High Performance
	Computers},
  journal = {IEEE Computer Society Technical Committee on Computer Architecture
	(TCCA) Newsletter},
  year = {1995},
  pages = {19--25},
  month = dec,
  abstract = {The ratio of cpu speed to memory speed in current high-performance
	computers is growing rapidly, with significant implications for the
	design and implementation of algorithms in scientific computing.
	I present the results of a broad survey of memory bandwidth and machine
	balance for a large variety of current computers, including uniprocessors,
	vector processors, shared-memory systems, and districuted-memory
	systems. The results are analyzed in terms of the sustainable data
	transfer rates for uncached unit-stride vector operation for each
	machine, and for each class.},
  pdf = {http://tab.computer.org/tcca/NEWS/DEC95/dec95_mccalpin.ps}
}

@article{Wirasaet2015597,
title = "Artificial boundary layers in discontinuous Galerkin solutions to shallow water equations in channels ",
journal = "Journal of Computational Physics ",
volume = "299",
number = "",
pages = "597 - 612",
year = "2015",
note = "",
issn = "0021-9991",
doi = "http://dx.doi.org/10.1016/j.jcp.2015.07.015",
url = "http://www.sciencedirect.com/science/article/pii/S002199911500460X",
author = "D. Wirasaet and S.R. Brus and C.E. Michoski and E.J. Kubatko and J.J. Westerink and C. Dawson",
keywords = "Discontinuous Galerkin",
keywords = "Finite elements",
keywords = "Shallow water equations",
keywords = "Open channel",
keywords = "Numerical fluxes",
keywords = "No-normal flow boundary condition",
keywords = "Iso- and super-parametric finite elements "
}

@article{doi:10.1137/120899662,
author = {T. Warburton},
title = {A Low-Storage Curvilinear Discontinuous Galerkin Method for Wave Problems},
journal = {SIAM Journal on Scientific Computing},
volume = {35},
number = {4},
pages = {A1987-A2012},
year = {2013},
doi = {10.1137/120899662},

URL = { 
        http://dx.doi.org/10.1137/120899662
    
},
eprint = { 
        http://dx.doi.org/10.1137/120899662
    
}

}

@article{Fahs:2011:IAH:2003056.2003066,
 author = {Fahs, H.},
 title = {Improving Accuracy of High-order Discontinuous Galerkin Method for Time-domain Electromagnetics on Curvilinear Domains},
 journal = {Int. J. Comput. Math.},
 issue_date = {July 2011},
 volume = {88},
 number = {10},
 month = jul,
 year = {2011},
 issn = {0020-7160},
 pages = {2124--2153},
 numpages = {30},
 url = {http://dx.doi.org/10.1080/00207160.2010.527960},
 doi = {10.1080/00207160.2010.527960},
 acmid = {2003066},
 publisher = {Taylor \& Francis, Inc.},
 address = {Bristol, PA, USA},
 keywords = {Maxwell's equations, curved finite elements, discontinuous Galerkin methods, high-order accuracy, numerical integration, stability},
} 

@MISC{Toulorge_a2d,
    author = {Thomas Toulorge and Yves Reymen and Wim Desmet},
    title = {A 2D Discontinuous Galerkin Method for Aeroacoustics with Curved Boundary Treatment},
    year = {}
}