@article{cfour:08,
	author = {Harding, Michael E. and Metzroth, Thorsten and Gauss, Jurgen and Auer, Alexander A.},
	title = {Parallel Calculation of CCSD and CCSD(T) Analytic First and Second Derivatives},
	journal = {Journal of Chemical Theory and Computation},
	volume = {4},
	number = {1},
	pages = {64-74},
	year = {2008},
	doi = {10.1021/ct700152c},
	URL = {http://pubs.acs.org/doi/abs/10.1021/ct700152c},
	eprint = {http://pubs.acs.org/doi/pdf/10.1021/ct700152c}
}


@article{ano1:87,
	author = {Almlof, J. and Taylor, P. R.},
	journal = {Journal of Chemical Physics},
	volume = {86},
	pages = {4070},
	year = {1987}
}

@article{ncc:15,
	author = {Matthews, D. and Stanton, J. F.},
	journal = {Journal of Chemical Physics},
	volume = {142},
	pages = {06410},
	year = {2015}
}
