@manual{EstacioHiroms:2016wd,
  title = {{Quantification of Uncertainty for Estimation, Simulation, and Optimization (QUESO)}},
  author = {Estacio-Hiroms, K C and Prudencio, E E and Malaya, Nicholas and Vohra, M and McDougall, Damon},
  month = nov,
  year = {2016}
}

@incollection{McDougall:2015bc,
  author = {McDougall, Damon and Malaya, Nicholas and Moser, Robert D},
  title = {{The Parallel C++ Statistical Library for Bayesian Inference: QUESO}},
  booktitle = {Handbook of Uncertainty Quantification},
  year = {2015},
  pages = {1--38},
  publisher = {Springer International Publishing},
  address = {Cham}
}

@incollection{Prudencio:2012ft,
  author = {Prudencio, Ernesto E and Schulz, Karl W},
  title = {{The Parallel C++ Statistical Library {\textquoteleft}QUESO{\textquoteright}: Quantification of Uncertainty for Estimation, Simulation and Optimization}},
  booktitle = {Euro-Par 2011: Parallel Processing Workshops: CCPI, CGWS, HeteroPar, HiBB, HPCVirt, HPPC, HPSS, MDGS, ProPer, Resilience, UCHPC, VHPC, Bordeaux, France, August 29 {\textendash} September 2, 2011, Revised Selected Papers, Part I},
  year = {2012},
  editor = {Alexander, Michael and D{\textquoteright}Ambra, Pasqua and Belloum, Adam and Bosilca, George and Cannataro, Mario and Danelutto, Marco and Di Martino, Beniamino and Gerndt, Michael and Jeannot, Emmanuel and Namyst, Raymond and Roman, Jean and Scott, Stephen L and Traff, Jesper Larsson and Vall{\'e}e, Geoffroy and Weidendorfer, Josef},
  pages = {398--407},
  publisher = {Springer Berlin Heidelberg},
  address = {Berlin, Heidelberg}
}

