%% Created using Papers on Fri, 03 Mar 2017.
%% http://papersapp.com/papers/

@inproceedings{Park:2014:ESI:2683593.2683696,
 author = {Park, Jongsoo and Smelyanskiy, Mikhail and Vaidyanathan, Karthikeyan and Heinecke, Alexander and Kalamkar, Dhiraj D. and Liu, Xing and Patwary, Md. Mosotofa Ali and Lu, Yutong and Dubey, Pradeep},
 title = {Efficient Shared-memory Implementation of High-performance Conjugate Gradient Benchmark and Its Application to Unstructured Matrices},
 booktitle = {Proceedings of the International Conference for High Performance Computing, Networking, Storage and Analysis},
 series = {SC '14},
 year = {2014},
 isbn = {978-1-4799-5500-8},
 location = {New Orleans, Louisana},
 pages = {945--955},
 numpages = {11},
 url = {https://doi.org/10.1109/SC.2014.82},
 doi = {10.1109/SC.2014.82},
 acmid = {2683696},
 publisher = {IEEE Press},
 address = {Piscataway, NJ, USA},
} 


@article{Lee:2014ta,
author = {Lee, Myoungkyu and Ulerich, Rhys and R and Malaya, Nicholas and Moser, Robert D.},
title = {{Experiences from Leadership Computing in Simulations of Turbulent Fluid Flows}},
journal = {Computing in Science Engineering},
year = {2014},
volume = {16},
number = {5},
pages = {24--31},
month = sep
}

@article{Kim:1987ub,
author = {Kim, John and Moin, Parviz and Moser, Robert},
title = {{Turbulence statistics in fully developed channel flow at low Reynolds number}},
journal = {Journal of Fluid Mechanics},
year = {1987},
volume = {177},
pages = {133--166}
}

@inproceedings{Lee:2013kv,
author = {Lee, Myoungkyu and Malaya, Nicholas and Moser, Robert D.},
title = {{Petascale direct numerical simulation of turbulent channel flow on up to 786K cores}},
booktitle = {the International Conference for High Performance Computing, Networking, Storage and Analysis},
year = {2013},
pages = {1--11},
publisher = {ACM Press},
address = {New York, New York, USA}
}

@article{Lee:2015er,
author = {Lee, Myoungkyu and Moser, Robert D.},
title = {{Direct numerical simulation of turbulent channel flow up to Re$_{\tau }$= 5200}},
journal = {Journal of Fluid Mechanics},
year = {2015},
volume = {774},
pages = {395--415},
month = jun
}

@article{Graham:2015ha,
author = {Graham, J. and Kanov, K. and Yang, X. I. A. and Lee, M. and Malaya, N. and Lalescu, C. C. and Burns, R. and Eyink, G. and Szalay, A. and Moser, R. D. and Meneveau, C.},
title = {{A Web services accessible database of turbulent channel flow and its use for testing a new integral wall model for LES}},
journal = {Journal of Turbulence},
year = {2015},
volume = {17},
number = {2},
pages = {181--215}
}


@article{Frigo:2005tu,
author = {Frigo, Matteo and Johnson, Steven G.},
title = {{The Design and Implementation of FFTW3}},
journal = {Proceedings of the IEEE},
year = {2005},
volume = {93},
number = {2},
pages = {216--231}
}

